@Book{ fasys,
	title = "{Vehicle Propulsion Systems: Introduction to Modeling and Optimization}",
	author = "L. Guzzella and A. Sciarretta",
	year = "2007",
	publisher = "Springer"
}

@Book{ optreg,
	title = "{Optimal Control with Engineering Applications}",
	author = "H. P. Geering",
	year = "2007",
	publisher = "Springer"
}

@Book{ motsys,
	title = "{Introduction To Modeling And Control Of Internal Combustion Engine Systems}",
	author = "L. Guzzella and C.H. Onder",
	year = "2004",
	publisher = "Springer"
}

@Book{ sysdyn,
	title = "{Modeling and Analysis of Dynamic Systems}",
	author = "L. Guzzella",
	year = "2008",
	publisher = "ETH Zurich"
}